@inproceedings{cite1,
  title={Attention Is All You Need},
  author={Vaswani, Ashish and Shazeer Noam and Parmar, Niki and Uszkoreit, Jakob and Jones, Llion and Gomez, Aidan N. and Kaiser, Lukasz and Polosukhin, Illia},
  year={2017}
}

@article{article2,
  title={Understand Graph Attention Network},
  author={Zhang, Hao and Li, Mufei and Wang Zheng Zhang, Minjie},
  journal={https://docs.dgl.ai/en/0.8.x/tutorials/models/1_gnn/9_gat.html},
  year={2018}
}

@article{article3,
  title={Graph Attention Networks: Self-Attention for GNNs},
  author={Labonne, Maxime},
  journal={https://mlabonne.github.io/blog/gat/},
  year={2022}
}

@inproceedings{cite4,
  title={Convolutional Networks on Graphs for Learning Molecular Fingerprints},
  author={David Duvenaud and Dougal Maclaurin and Jorge Aguilera-Iparraguirre and Rafael Gomez-Bombarelli and Timothy Hirzel and Alan Aspuru-Guzik and Ryan P. Adams},
  year={2015}
}

@inproceedings{cite5,
  title={Diffusion-Convolutional Neural Networks},
  author={James Atwood and Don Towsley},
  year={2015}
}

@inproceedings{cite6,
  title={Inductive Representation Learning on Large Graphs},
  author={William L. Hamilton and Rex Ying and Jure Leskovec},
  year={2017}
}

@inproceedings{cite7,
  title={Geometric deep learning on graphs and manifolds using mixture model CNNs},
  author={Federico Monti and Davide Boscaini and Jonathan Masci and Emanuele Rodolà and Jan Svoboda and Michael M. Bronstein},
  year={2016}
}

@inproceedings{cite8,
  title={A simple neural network module for relational reasoning},
  author={Adam Santoro and David Raposo and David G.T. Barrett and Mateusz Malinowski and Razvan Pascanu and Peter Battaglia and Timothy Lillicrap},
  year={2017}
}

@inproceedings{cite9,
  title={Modeling Relational Data with Graph Convolutional Networks},
  author={Michael Schlichtkrull and Thomas N. Kipf and Peter Bloem and Rianne van den Berg and Ivan Titov and Max Welling},
  year={2017}
}

@inproceedings{cite10,
  title={One-Shot Imitation Learning},
  author={Yan Duan and Marcin Andrychowicz and Bradly C. Stadie and Jonathan Ho and Jonas Schneider and Ilya Sutskever and Pieter Abbeel and Wojciech Zaremba},
  year={2017}
}

@inproceedings{cite11,
  title={Programmable Agents},
  author={Misha Denil and Sergio Gómez Colmenarejo and Serkan Cabi and David Saxton and Nando de Freitas},
  year={2017}
}

@inproceedings{cite12,
  title={Nonlinear Dimensionality Reduction by Locally Linear Embedding},
  author={Sam T. Roweis and Lawrence K. Saul},
  year={1993}
}

@inproceedings{cite13,
  title={Deep Learning via Semi-Supervised Embedding},
  author={Jason Weston and Frederic Ratle and Ronan Collobert},
  year={2008}
}

@inproceedings{cite14,
  title={DEMO-Net: Degree-specific Graph Neural Networks for Node and Graph Classification},
  author={Jun Wu and Jingrui He and Jiejun Xu},
  year={2019}
}

@inproceedings{cite15,
  title={Just Jump: Dynamic Neighborhood Aggregation in Graph Neural Networks},
  author={Matthias Fey},
  year={2019}
}

@inproceedings{cite16,
  title={Not All Neighbors are Friendly: Learning to Choose Hop Features to Improve Node Classification},
  author={Sunil Kumar Maurya and Xin Liu and Tsuyoshi Murata},
  year={2022}
}

@inproceedings{cite17,
  title={Simplifying approach to Node Classification in Graph Neural Networks},
  author={Sunil Kumar Maurya and Xin Liu and Tsuyoshi Murata},
  year={2021}
}

@inproceedings{cite18,
  title={Semi-Supervised Classification with Graph Convolutional Networks},
  author={Thomas N. Kipf and Max Welling},
  year={2016}
}

@inproceedings{cite19,
  title={Global Self-Attention as a Replacement for Graph Convolution},
  author={Md Shamim Hussain and Mohammed J. Zaki and Dharmashankar Subramanian},
  year={2021}
}

@inproceedings{cite20,
  title={Collective Classification in Network Data},
  author={Prithviraj Sen and Galileo Namata and Mustafa Bilgic and Lise Getoor and Brian Galligher and Tina Eliassi-Rad},
  year={2008}
}

@inproceedings{cite21,
  title={Revisiting Semi-Supervised Learning with Graph Embeddings},
  author={Zhilin Yang and William W. Cohen and Ruslan Salakhutdinov},
  year={2016}
}

@inproceedings{cite22,
  title={Predicting multicellular function through multi-layer tissue networks},
  author={Marinka Zitnik and Jure Leskovec},
  year={2017}
}

@inproceedings{cite23,
  title={Gene set enrichment analysis: A knowledge-based approach for interpreting genome-wide expression profiles},
  author={Aravind Subramanian and Pablo Tamayo and Vamsi K. Mootha and Sayan Mukherjee and Benjamin L. Ebert and Michael A. Gillette and Amanda Paulovich and Scott L. Pomeroy and Todd R. Golub and Eric S. Lander and Jill P. Mesirov},
  year={2005}
}

@inproceedings{cite24,
  title={Watch Your Step: Learning Node Embeddings via Graph Attention},
  author={Sami Abu-El-Haija and Bryan Perozzi and Rami Al-Rfou and Alex Alemi},
  year={2017}
}

@inproceedings{cite25,
  title={Representation Learning on Graphs with Jumping Knowledge Networks},
  author={Keyulu Xu and Chengtao Li and Yonglong Tian and Tomohiro Sonobe and Ken-ichi Kawarabayashi and Stefanie Jegelka},
  year={2018}
}

@inproceedings{cite26,
  title={Graph Attention Networks},
  author={Petar Veličković and Guillem Cucurull and Arantxa Casanova and Adriana Romero and Pietro Liò and Yoshua Bengio},
  year={2017}
}